<?xml version="1.0" encoding="UTF-8"?><collection xmlns="http://www.loc.gov/MARC21/slim"><record><leader>00310nam--2200121-i-4500</leader><controlfield tag="001">000033610</controlfield><controlfield tag="002">20161230</controlfield><controlfield tag="005">20161230201039</controlfield><controlfield tag="008">060222s1000------------r-----000-0-eng-d</controlfield><datafield ind1=" " ind2=" " tag="080"><subfield code="a">061(4):621.039(047.1)</subfield></datafield><datafield ind1=" " ind2=" " tag="245"><subfield code="a">Nea activities in 1987</subfield></datafield><datafield ind1=" " ind2=" " tag="260"><subfield code="a">Paris, Oecd Nucleear Energy Agency, 1988. 46p</subfield></datafield><datafield ind1=" " ind2=" " tag="852"><subfield code="a">72100</subfield></datafield></record></collection>